@book{itoa,
    author={Charles E. Leiserson, Thomas H. Cormen, Clifford Stein, Ronald Rivest},
    title={Introduction to algorithms},
    publisher={MIT Press},
    year={1990}
}
